<record><leader>00000cas a22000007a 4500</leader><controlfield tag="001">23096695</controlfield><controlfield tag="008">910213d19761979coudn ne      0    0eng d</controlfield><datafield ind1=" " ind2=" " tag="010"><subfield code="a">sn 91052041 </subfield></datafield><datafield ind1=" " ind2=" " tag="040"><subfield code="a">CNQ</subfield><subfield code="b">eng</subfield><subfield code="c">CNQ</subfield><subfield code="d">OCLCQ</subfield></datafield><datafield ind1=" " ind2=" " tag="042"><subfield code="a">msc</subfield></datafield><datafield ind1="0" ind2=" " tag="130"><subfield code="a">Daily transcript (Golden, Colo. : 1976)</subfield></datafield><datafield ind1="1" ind2="4" tag="245"><subfield code="a">The daily transcript.</subfield></datafield><datafield ind1=" " ind2=" " tag="260"><subfield code="a">Golden, Colo. :</subfield><subfield code="b">Bob L. Edwards</subfield></datafield><datafield ind1=" " ind2=" " tag="300"><subfield code="a">v.</subfield></datafield><datafield ind1=" " ind2=" " tag="310"><subfield code="a">Daily (except Sat. and Sun.)</subfield></datafield><datafield ind1="0" ind2=" " tag="362"><subfield code="a">Vol. 110, no. 202 (Sept. 30, 1976)-v. 113, no. 192 (Sept. 28, 1979).</subfield></datafield><datafield ind1=" " ind2=" " tag="530"><subfield code="a">Available on microfilm from the Colorado Historical Society.</subfield></datafield><datafield ind1=" " ind2=" " tag="752"><subfield code="a">United States</subfield><subfield code="b">Colorado</subfield><subfield code="c">Jefferson</subfield><subfield code="d">Golden.</subfield></datafield><datafield ind1="0" ind2="0" tag="780"><subfield code="t">Golden daily transcript</subfield><subfield code="w">(DLC)sn 90051504</subfield></datafield><datafield ind1="0" ind2="0" tag="785"><subfield code="t">Colorado transcript (Golden, Colo. : 1979)</subfield><subfield code="w">(DLC)sn 91052042</subfield></datafield></record>